@inproceedings{nea,
  title={A neural approach to automated essay scoring},
  author={Taghipour, Kaveh and Ng, Hwee Tou},
  booktitle={Proceedings of the 2016 Conference on Empirical Methods in Natural Language Processing},
  pages={1882--1891},
  year={2016}
}

@misc{ease,
  title = {Enhanced AI Scoring Engine},
  howpublished = {\url{https://github.com/edx/ease}},
  note = {Accessed: 2018-04-25}
}