@article{paper:smartReply,
  author    = {Anjuli Kannan and
               Karol Kurach and
               Sujith Ravi and
               Tobias Kaufmann and
               Andrew Tomkins and
               Balint Miklos and
               Greg Corrado and
               L{\'{a}}szl{\'{o}} Luk{\'{a}}cs and
               Marina Ganea and
               Peter Young and
               Vivek Ramavajjala},
  title     = {Smart Reply: Automated Response Suggestion for Email},
  journal   = {CoRR},
  volume    = {abs/1606.04870},
  year      = {2016},
  url       = {\url{http://arxiv.org/abs/1606.04870}},
  archivePrefix = {arXiv},
  eprint    = {1606.04870},
  timestamp = {Wed, 07 Jun 2017 14:40:20 +0200},
  biburl    = {https://dblp.org/rec/bib/journals/corr/KannanKRKTMCLGY16},
  bibsource = {dblp computer science bibliography, https://dblp.org}
}
@article{paper:pointer,
  author    = {Abigail See and
               Peter J. Liu and
               Christopher D. Manning},
  title     = {Get To The Point: Summarization with Pointer-Generator Networks},
  journal   = {CoRR},
  volume    = {abs/1704.04368},
  year      = {2017},
  url       = {\url{http://arxiv.org/abs/1704.04368}},
  archivePrefix = {arXiv},
  eprint    = {1704.04368},
  timestamp = {Wed, 07 Jun 2017 14:40:10 +0200},
  biburl    = {https://dblp.org/rec/bib/journals/corr/SeeLM17},
  bibsource = {dblp computer science bibliography, https://dblp.org}
}
@article{data:enron,
title ={Enron Email Dataset: \url{https://www.cs.cmu.edu/~enron/} }
}

@article{data:twitter-marson,
title = {\url{https://github.com/Marsan-Ma/chat\_corpus}}
}

@InProceedings{data:cornell-movie,
  author={Cristian Danescu-Niculescu-Mizil and Lillian Lee},
  title={Chameleons in imagined conversations: 
  A new approach to understanding coordination of linguistic style in dialogs.},
  booktitle={Proceedings of the 
        Workshop on Cognitive Modeling and Computational Linguistics, ACL 2011},
  year={2011}
}